@article{binnig1982tunneling,
  title={Tunneling through a controllable vacuum gap},
  author={Binnig, Gerd and Rohrer, Heinrich and Gerber, Ch and Weibel, Eddie},
  journal={Applied Physics Letters},
  volume={40},
  number={2},
  pages={178--180},
  year={1982},
  publisher={American Institute of Physics}
}

@article{binnig1986atomic,
  title={Atomic force microscope},
  author={Binnig, Gerd and Quate, Calvin F and Gerber, Ch},
  journal={Physical review letters},
  volume={56},
  number={9},
  pages={930},
  year={1986},
  publisher={APS}
}

